@book{sadiku2015signals,
  title={Signals and Systems: A Primer with MATLAB},
  author={Sadiku, Matthew NO and Ali, Warsame Hassan},
  year={2015},
  publisher={CRC Press}
}